% This file was created with JabRef 2.7.2.
% Encoding: Cp1252

@ARTICLE{AIKOFAHI2010,
  author = {Al-Kofahi, Yousef and Lassoued, Wiem and Lee, William and Roysam,
	Badrinath},
  title = {Improved Automatic Detection and Segmentation of Cell Nuclei in Histopathology
	Images},
  journal = {IEEE Trans. on Biomedical Engineering},
  year = {2010},
  volume = {57},
  pages = {841-852},
  owner = {Nona},
  timestamp = {2012.02.21}
}

@ARTICLE{Angulo2003,
  author = {Angulo,J. and Flandrin,G.},
  title = {Automated detection of working area of peripheral blood smears using
	mathematical morphology},
  journal = {Analytical Cellular Pathology},
  year = {2003},
  volume = {25},
  pages = {37-49},
  owner = {Nona},
  timestamp = {2012.05.09}
}

@ARTICLE{doi:10.1080/03079458208436092,
  author = {Awadhiya, R. P. and Vegad, J. L. and Kolte, G. N.},
  title = {Eosinophil leukocytic response in dinitrochlorobenzene skin hypersensitivity
	reaction in the chicken},
  journal = {Avian Pathology},
  year = {1982},
  volume = {11},
  pages = {187-194},
  owner = {Nona},
  timestamp = {2012.02.15}
}

@ARTICLE{bacusmber1972,
  author = {Bacusmber, James W. and Gose, Earl E.},
  title = {Leukocyte Pattern Recognition},
  journal = {Systems, Man and Cybernetics, IEEE Transactions on},
  year = {1972},
  volume = {2},
  pages = {513 -526}
}

@BOOK{Bezdek1981,
  title = {Pattern Recognition with Fuzzy Objective Function Algorithms},
  publisher = {Kluwer Academic Publishers},
  year = {1981},
  author = {Bezdek, James C.}
}

@INPROCEEDINGS{Can2008,
  author = {Can, A. and Bello, M. and Cline, H. E. and Tao, X. and Ginly, F.
	and Sood, A. and Gerdes, M. and Montalto, M.},
  title = {Multi-modal imaging of histological tissue sections},
  booktitle = {Proc. of 5th IEEE International Symposium on Biomedical Imaging:
	From Nano to Macro},
  year = {2008},
  pages = {288-291},
  owner = {Nona},
  timestamp = {2012.05.09}
}

@BOOK{castleman1976,
  title = {An Automated System for Chromosome Analysis: Final Report},
  publisher = {Jet Propulsion Laboratory, California Institue of Technology},
  year = {1976},
  author = {Castleman, K. R. and Melnyk, J. H. and National Institute of Child
	Health and Human Development (U.S.)}
}

@ARTICLE{Deb2002,
  author = {Deb,K. and Pratap,A. and Agarwal,S. and Meyarivan,T.},
  title = {A fast and elitist multiobjective genetic algorithm: NSGA-2},
  journal = {IEEE Trans. on Evolutionary Computation},
  year = {2002},
  volume = {6},
  pages = {182-197},
  owner = {Nona},
  timestamp = {2012.05.09}
}

@ARTICLE{Dempster1977,
  author = {A. P. Dempster and N. M. Laird and D. B. Rubin},
  title = {Maximum likelihood from incomplete data via the EM algorithm},
  journal = {Journal of Royal Statistical Society},
  year = {1977},
  volume = {39},
  pages = {1--38}
}

@ARTICLE{diacumakos1962,
  author = {Diacumakos, E. G. and Day, Emerson and Kopac, M. J.},
  title = {EXFOLIATED CELL STUDIES AND THE CYTOANALYZER},
  journal = {Annals of the New York Academy of Sciences},
  year = {1962},
  volume = {97},
  pages = {498--513}
}

@ARTICLE{dice1945,
  author = {L. R. Dice},
  title = {Measures of the amount of ecologic association between species},
  journal = {Ecology},
  year = {1945},
  volume = {26},
  pages = {297–30},
  owner = {Nona},
  timestamp = {2012.05.16}
}

@ARTICLE{Francisco2011,
  author = {Francisco,V. and Figueirinha,A. and Neves,B. M. and García-Rodríguez,C.
	and Lopes,M. C. and Cruz,M. T. and Batista,M. T.},
  title = {Cymbopogon citratus as source of new and safe anti-inflammatory drugs:
	Bio-guided assay using lipopolysaccharide-stimulated macrophages},
  journal = {Journal of ethnopharmacology},
  year = {2011},
  volume = {133},
  pages = {818-827},
  owner = {Nona},
  timestamp = {2012.05.09}
}

@INPROCEEDINGS{ghosh2010,
  author = {Ghosh, M. and Das, D. and Mandal, S. and Chakraborty, C. and Pala,
	M. and Maity, A. K. and Pal, S. K. and Ray, A. K.},
  title = {Statistical pattern analysis of white blood cell nuclei morphometry},
  booktitle = {Proc. of IEEE Students' Technology Symposium},
  year = {2010},
  pages = {59 -66}
}

@ARTICLE{rohtua,
  author = {Glotsos,D. and Spyridonos,P. and Cavouras,D. and Ravazoula,P. and
	Dadioti,P. -. and Nikiforidis,G.},
  title = {Automated segmentation of routinely hematoxylin-eosin-stained microscopic
	images by combining support vector machine clustering and active
	contour models},
  journal = {Analytical and Quantitative Cytology and Histology},
  year = {2004},
  volume = {26},
  pages = {331-340},
  owner = {Nona},
  timestamp = {2012.05.09}
}

@ARTICLE{Guo2007,
  author = {Ningning Guo and Libo Zeng and Qiongshui Wu},
  title = {A method based on multispectral imaging technique for White Blood
	Cell segmentation},
  journal = {Computers in Biology and Medicine},
  year = {2007},
  volume = {37},
  pages = {70 - 76}
}

@ARTICLE{5299287,
  author = {Gurcan, M. N. and Boucheron, L. E. and Can, A. and Madabhushi, A.
	and Rajpoot, N. M. and Yener, B.},
  title = {Histopathological Image Analysis: A Review},
  journal = {Biomedical Engineering, IEEE Reviews in},
  year = {2009},
  volume = {2},
  pages = {147 -171},
  owner = {Nona},
  timestamp = {2012.05.09}
}

@INPROCEEDINGS{hamghalam2009,
  author = {Hamghalam, M. and Motameni, M. and Kelishomi, A. E.},
  title = {Leukocyte Segmentation in Giemsa-stained Image of Peripheral Blood
	Smears Based on Active Contour},
  booktitle = {Proc. of International Conference on Signal Processing Systems},
  year = {2009},
  pages = {103 -106}
}

@ARTICLE{hartigan1979,
  author = {Hartigan, J. A. and M. A. Wong},
  title = {A k-means clustering algorithm},
  journal = {Appl. Stat},
  year = {1979},
  volume = {28},
  pages = {100-108},
  owner = {Nona},
  timestamp = {2012.05.09}
}

@ELECTRONIC{Inflammatory2012,
  author = {http://biology-pictures.blogspot.in/2011/12/inflammatory-response-steps.html},
  month = {May},
  year = {2012},
  title = {Inflammatory response steps},
  url = {http://biology-pictures.blogspot.in/2011/12 /inflammatory-response-steps.html},
  owner = {Nona},
  timestamp = {2012.05.09}
}

@ELECTRONIC{tissue2012,
  author = {http://tissue-histopathology.blogspot.in/},
  month = {May},
  year = {2012},
  title = {tissue-histopathology},
  url = {http://tissue-histopathology.blogspot.in/},
  owner = {Nona},
  timestamp = {2012.05.09}
}

@ARTICLE{doi:10.1021/jm200973j,
  author = {Jain, Sarthak and Tran, Susan and El Gendy, Mohamed A. M. and Kashfi,
	Khosrow and Jurasz, Paul and VelÃ¡zquez-MartÃ­nez, Carlos A.},
  title = {Nitric Oxide Release Is Not Required to Decrease the Ulcerogenic
	Profile of Nonsteroidal Anti-inflammatory Drugs},
  journal = {Journal of Medicinal Chemistry},
  year = {2012},
  volume = {55},
  pages = {688-696},
  owner = {Nona},
  timestamp = {2012.02.15}
}

@BOOK{Jalba2004,
  title = {Automatic image segmentation using a deformable model based on charged
	particles},
  year = {2004},
  author = {Jalba,A. C. and Wilkinson,M. H. F. and Roerdink,J. B. T. M.},
  volume = {3211},
  pages = {1-8},
  series = {Lecture Notes in Computer Science},
  owner = {Nona},
  timestamp = {2012.05.09}
}

@INPROCEEDINGS{kan2003,
  author = {Kan Jiang and Qing-Min Liao and Sheng-Yang Dai},
  title = {A novel white blood cell segmentation scheme using scale-space filtering
	and watershed clustering},
  booktitle = {Proc. of International Conference on Machine Learning and Cybernetics},
  year = {2003},
  pages = { 2820 - 2825}
}

@ARTICLE{doi:10.1080/03079459208418865,
  author = {Katiyar, A. K. and Vegad, J. L. and Awadhiya, R. P.},
  title = {Pathology of inflammatory-reparative response in punched wounds of
	the chicken skin},
  journal = {Avian Pathology},
  year = {1992},
  volume = {21},
  pages = {471-480},
  owner = {Nona},
  timestamp = {2012.02.15}
}

@ARTICLE{Ko2011,
  author = {Ko, B. C. and Gim,J. and Nam,J.},
  title = {Automatic white blood cell segmentation using stepwise merging rules
	and gradient vector flow snake},
  journal = {Micron},
  year = {2011},
  volume = {42},
  pages = {695-705},
  owner = {Nona},
  timestamp = {2012.05.09}
}

@BOOK{kumar2010,
  title = {Robbins and cotran pathologic basis of disease},
  publisher = {Elsevier Saunders},
  year = {2010},
  author = {Vinay Kumar and Abul K. Abbas and Nelson Fausto and Jon Aster},
  owner = {Nona},
  timestamp = {2012.02.15}
}

@BOOK{Kuse2010,
  title = {A classification scheme for lymphocyte segmentation in H\&E stained
	histology images},
  year = {2010},
  author = {Kuse,M. and Sharma,T. and Gupta,S.},
  volume = {6388 LNCS},
  pages = {235-243},
  series = {Lecture Notes in Computer Science},
  owner = {Nona},
  timestamp = {2012.05.09}
}

@INPROCEEDINGS{1029239,
  author = {Qingmin Liao and Yingying Deng},
  title = {An accurate segmentation method for white blood cell images},
  booktitle = {Proc. of IEEE International Symposium on Biomedical Imaging},
  year = {2002},
  pages = { 245 - 248},
  owner = {Nona},
  timestamp = {2012.05.09}
}

@ARTICLE{Lomash05122011,
  author = {Lomash, V and Jadhav, S E and Ahmed, F and Vijayaraghavan, R and
	Pant, S C},
  title = {Evaluation of wound-healing formulation against sulphur mustard-induced
	skin injury in mice},
  journal = {Human \& Experimental Toxicology},
  year = {2011},
  owner = {Nona},
  timestamp = {2012.02.15}
}

@ARTICLE{Lomash2010,
  author = {Lomash,V. and Parihar,S. K. and Jain,N. K. and Katiyar,A. K.},
  title = {Effect of Solanum nigrum and Ricinus communis extracts on histamine
	and carrageenan-induced inflammation in the chicken skin},
  journal = {Cellular and molecular biology},
  year = {2010},
  volume = {56},
  pages = {OL1239-OL1251},
  owner = {Nona},
  timestamp = {2012.05.09}
}

@ARTICLE{Long2005,
  author = {Long,X. and Cleveland,W. L. and Yao,Y. L.},
  title = {A new preprocessing approach for cell recognition},
  journal = {IEEE Trans. on Information Technology in Biomedicine},
  year = {2005},
  volume = {9},
  pages = {407-412},
  owner = {Nona},
  timestamp = {2012.05.09}
}

@ARTICLE{Malpica1997,
  author = {Malpica,N. and De Solórzano,C. O. and Vaquero,J. J. and Santos,A.
	and Vallcorba,I. and García-Sagredo,J. M. and Del Pozo,F.},
  title = {Applying watershed algorithms to the segmentation of clustered nuclei},
  journal = {Cytometry},
  year = {1997},
  volume = {28},
  pages = {289-297},
  owner = {Nona},
  timestamp = {2012.05.09}
}

@INPROCEEDINGS{Mohapatra2011,
  author = {Mohapatra, Subrajeet and Patra, Dipti and Satpathy, Sanghamitra},
  title = {Automated leukemia detection in blood microscopic images using statistical
	texture analysis},
  booktitle = {Proc. of International Conference on Communication, Computing; Security},
  year = {2011},
  pages = {184--187}
}

@INPROCEEDINGS{montseny2004,
  author = {Montseny, E. and Sobrevilla, P. and Romani, S.},
  title = {A fuzzy approach to white blood cells segmentation in color bone
	marrow images},
  booktitle = {Proc. of IEEE International Conference on Fuzzy Systems},
  year = {2004},
  pages = { 173-178}
}

@ARTICLE{Ong1996,
  author = {Ong,S. H. and Jin,X. C. and Jayasooriah and Sinniah,R.},
  title = {Image analysis of tissue sections},
  journal = {Computers in biology and medicine},
  year = {1996},
  volume = {26},
  pages = {269-279},
  owner = {Nona},
  timestamp = {2012.05.09}
}

@ARTICLE{Otsu1979,
  author = {Otsu, N},
  title = {A threshold selection method from gray level histograms},
  journal = {IEEE SMC},
  year = {1979},
  volume = {9},
  pages = {62-66},
  owner = {Nona},
  timestamp = {2012.05.09}
}

@ARTICLE{springerlink:10.1007/s00521-011-0522-9,
  author = {Pan, Chen and Park, Dong and Yang, Yong and Yoo, Hyouck},
  title = {Leukocyte image segmentation by visual attention and extreme learning
	machine},
  journal = {Neural Computing \& Applications},
  year = {2011},
  pages = {1-11},
  owner = {Nona},
  timestamp = {2012.02.21}
}

@BOOK{Pitsillides01062004,
  title = {Inflammation Protocols. Methods In Molecular Biology, Volume 225.
	Eds. P. G. Winyard and D. A. Willoughby. Humana Press, Totowa, NJ},
  year = {2004},
  author = {Pitsillides, A. A.},
  owner = {Nona},
  timestamp = {2012.02.15}
}

@INPROCEEDINGS{piuri2004,
  author = {Piuri, V. and Scotti, F.},
  title = {Morphological classification of blood leucocytes by microscope images},
  booktitle = {Proc. of IEEE International Conference on Computational Intelligence
	for Measurement Systems and Applications},
  year = {2004},
  pages = { 103-108}
}

@BOOK{Pountos2011,
  title = {Nonsteroidal anti-inflammatory drugs: Prostaglandins, indications,
	and side effects},
  year = {2011},
  author = {Pountos, I. and Georgouli, T. and Bird, H. and Giannoudis, P. V.},
  series = {Cytokine and Mediator Research},
  owner = {Nona},
  timestamp = {2012.05.09}
}

@INCOLLECTION{Preston1988,
  author = {Preston, Jr., Kendall and Bartels, Peter H.},
  title = {Progress in medical imaging},
  publisher = {Springer-Verlag New York, Inc.},
  year = {1988},
  pages = {1-121}
}

@ARTICLE{Prewitt1966,
  author = {Prewitt, Judith M. S. and Mendelsohn, Mortimer L.},
  title = {THE ANALYSIS OF CELL IMAGES},
  journal = {Annals of the New York Academy of Sciences},
  year = {1966},
  volume = {128},
  pages = {1035-1053}
}

@INPROCEEDINGS{price1996differential,
  author = {Price, K.V.},
  title = {Differential evolution: a fast and simple numerical optimizer},
  booktitle = {Proc. of Biennial Conference on Fuzzy Information Processing Society},
  year = {1996},
  pages = {524-527},
  owner = {Nona},
  timestamp = {2012.05.16}
}

@INPROCEEDINGS{Qin2005,
  author = {Qin, Z. -.},
  title = {ROC analysis for predictions made by probabilistic classifiers},
  booktitle = {Proc. of International Conference on Machine Learning and Cybernetics},
  year = {2005},
  pages = {3119-3124},
  owner = {Nona},
  timestamp = {2012.05.09}
}

@ARTICLE{Rezatofighi2011,
  author = {Rezatofighi,S. H. and Soltanian-Zadeh,H.},
  title = {Automatic recognition of five types of white blood cells in peripheral
	blood},
  journal = {Computerized Medical Imaging and Graphics},
  year = {2011},
  volume = {35},
  pages = {333-343},
  owner = {Nona},
  timestamp = {2012.05.09}
}

@ARTICLE{Rodenacker2001,
  author = {Karsten Rodenacker},
  title = {A Feature Set For Cytometry On Digitized Microscopic Images},
  journal = {Cell. Pathol},
  year = {2001},
  volume = {25},
  pages = {1--36}
}

@ARTICLE{Sabino2004,
  author = {Sabino,D. M. U. and Da Fontoura Costa,L. and Rizzatti,E. G. and Zago,M.
	A.},
  title = {A texture approach to leukocyte recognition},
  journal = {Real-Time Imaging},
  year = {2004},
  volume = {10},
  pages = {205-216},
  owner = {Nona},
  timestamp = {2012.05.09}
}

@ARTICLE{sadeghian2009,
  author = {Sadeghian, Farnoosh and Seman, Zainina and Ramli, Abdul Rahman and
	Abdul Kahar, Badrul Hisham and Saripan, M-Iqbal },
  title = {A Framework for White Blood Cell Segmentation in Microscopic Blood
	Images Using Digital Image Processing},
  year = {2009},
  volume = {11}
}

@INPROCEEDINGS{1040104,
  author = {Sanei, S. and Lee, T. K.},
  title = {Bayesian classification of eigencells},
  booktitle = {Proc. of International Conference on Image Processing },
  year = {2002},
  pages = { 929 - 932},
  owner = {Nona},
  timestamp = {2012.05.09}
}

@INPROCEEDINGS{Schafer2005,
  author = {Schafer, Robert J. and Hammell II, Robert J.},
  title = {Soft Computing Algorithms Applied to the Segmentation of Nerve Cell
	Images},
  booktitle = {Proc. of the Sixth International Conference on Software Engineering},
  year = {2005},
  pages = {8-13}
}

@ARTICLE{wang2006,
  author = {Wang Shitong and Wang Min},
  title = {A new detection algorithm (NDA) based on fuzzy cellular neural networks
	for white blood cell detection},
  journal = {Information Technology in Biomedicine, IEEE Transactions on},
  year = {2006},
  volume = {10},
  pages = {5 -10}
}

@ARTICLE{shukla2007,
  author = {Shukla, P. K., K. Deb},
  title = {On finding multiple Pareto-optimal solutions using classical and
	evolutionary generating methods},
  journal = {European Journal of Operational Research},
  year = {2007},
  volume = {81},
  pages = {1630-1652},
  owner = {Nona},
  timestamp = {2012.05.09}
}

@INPROCEEDINGS{sinha2003,
  author = {Sinha, N. and Ramakrishnan, A. G.},
  title = {Automation of differential blood count},
  booktitle = {Proc. of TENCON Conference on Convergent Technologies for Asia-Pacific
	Region},
  year = {2003},
  pages = { 547 - 551}
}

@INPROCEEDINGS{tabrizi2010,
  author = {Tabrizi, P. R. and Rezatofighi, S. H. and Yazdanpanah, M. J.},
  title = {Using PCA and LVQ neural network for automatic recognition of five
	types of white blood cells},
  booktitle = {Proc. of IEEE International Conference on Engineering in Medicine
	and Biology Society},
  year = {2010},
  pages = {5593 -5596}
}

@ARTICLE{Theera-Umpon2007,
  author = {Theera-Umpon, N. and Dhompongsa, S.},
  title = {Morphological granulometric features of nucleus in automatic bone
	marrow white blood cell classification},
  journal = {IEEE Trans. on Information Technology in Biomedicine},
  year = {2007},
  volume = {11},
  pages = {353-359},
  number = {3},
  owner = {Nona},
  timestamp = {2012.05.09}
}

@ARTICLE{Tycko1976,
  author = {Tycko,D. H. and Anbalagan,S. and Liu,H. C. and Ornstein,L.},
  title = {Automatic leukocyte classification using cytochemically stained smears},
  journal = {Journal of Histochemistry and Cytochemistry},
  year = {1976},
  volume = {24},
  pages = {178-194},
  number = {1},
  owner = {Nona},
  timestamp = {2012.05.09}
}

@ARTICLE{Umpon2005,
  author = {N. T. Umpon},
  title = {Patch-based white blood cell nucleus segmentation using fuzzy clustering},
  journal = {ECTI Trans. Electrical. Electronic. Communications},
  year = {2005},
  volume = {3},
  pages = {5-10},
  number = {1},
  owner = {Nona},
  timestamp = {2012.02.21}
}

@ARTICLE{Wermser1984,
  author = {Wermser, D. and Haussmann, G. and Liedtke, C. -.},
  title = {Segmentation of blood smears by hierarchical thresholding},
  journal = {Computer Vision, Graphics and Image Processing},
  year = {1984},
  volume = {25},
  pages = {151-168},
  number = {2},
  owner = {Nona},
  timestamp = {2012.05.09}
}

@INBOOK{eltit,
  title = {Models of Inflammation: Adjuvant-Induced Arthritis in the Rat},
  publisher = {John Wiley \& Sons, Inc.},
  year = {2001},
  author = {Whiteley, Phyllis E. and Dalrymple, Stacie A.},
  booktitle = {Current Protocols in Pharmacology},
  owner = {Nona},
  timestamp = {2012.02.15}
}

@INPROCEEDINGS{wu2006,
  author = {Wu, J. and Zeng, P. and Zhou, Y. and Olivier, C.},
  title = {A novel color image segmentation method and its application to white
	blood cell image analysis},
  booktitle = {Proc. of 8th International Conference on Signal Processing},
  year = {2006}
}

@ARTICLE{Yang2005,
  author = {Yang, L. and Meer, P. and Foran, D. J.},
  title = {Unsupervised segmentation based on robust estimation and color active
	contour models},
  journal = {IEEE Trans. on Information Technology in Biomedicine},
  year = {2005},
  volume = {9},
  pages = {475-486},
  owner = {Nona},
  timestamp = {2012.05.09}
}

@INPROCEEDINGS{zamani2006,
  author = {Zamani, F. and Safabakhsh, R.},
  title = {An unsupervised GVF snake approach for white blood cell segmentation
	based on nucleus},
  booktitle = {Proc. of 8th International Conference on Signal Processing},
  year = {2006}
}

@MISC{database2011,
  title = {Histopathology Section of Defence Research \& Development Establishment,
	Gwalior, India},
  month = {Novermber},
  year = {2011},
  owner = {Nona},
  timestamp = {2012.05.14}
}

@comment{jabref-meta: selector_review:}

@comment{jabref-meta: selector_publisher:}

@comment{jabref-meta: selector_author:}

@comment{jabref-meta: selector_journal:}

@comment{jabref-meta: selector_keywords:}

